@ELECTRONIC{SPEC,
  month = {Marec},
  year = {2018},
  title = {{SPEC Cloud R IaaS 2018}},
  howpublished = "\url{https://www.spec.org/cloud/results/res2019q4/cloudiaas2018-20191113-00005.html}"
}

@ELECTRONIC{thousandEyes,
  month = {Februar},
  year = {2018},
  title = {{Cloud Performance Benchmark}},
  howpublished = "\url{https://blog.thousandeyes.com/top-takeaways-cloud-performance-benchmark/}"
}

@ELECTRONIC{cloudSpectator,
  month = {December},
  year = {2015},
  title = {{Cloud Spectator}},
  howpublished = "\url{https://cloudspectator.com/wp-content/uploads/2019/10/2018_Top10_NA_v1.3.pdf}"
}

@ELECTRONIC{TBR,
  month = {September},
  year = {2009},
  title = {{Technology Business Research, Inc.}},
  howpublished = "\url{https://tbri.com/tbr-difference/}"
}

@ELECTRONIC{proghelpFio,
  month = {September},
  year = {2009},
  title = {{From My Virtual Desktop: Basic Network Testing with IPERF}},
  howpublished = "\url{https://programmer.help/blogs/linux-io-stress-test-tool-fio.html}"
}

@ELECTRONIC{skorks,
  month = {September},
  year = {2009},
  title = {{How To Quickly Generate A Large File On The Command Line (With Linux)}},
  howpublished = "\url{https://skorks.com/2010/03/how-to-quickly-generate-a-large-file-on-the-command-line-with-linux/}"
}

@ELECTRONIC{mem90Fill,
  month = {September},
  year = {2009},
  title = {{How to fill 90 of the free memory?}},
  howpublished = "\url{https://unix.stackexchange.com/questions/99334/how-to-fill-90-of-the-free-memory}"
}

