@ELECTRONIC{SPEC,
  month = {Marec},
  year = {2018},
  title = {{SPEC Cloud R IaaS 2018}},
  howpublished = "\url{https://www.spec.org/cloud/results/res2019q4/cloudiaas2018-20191113-00005.html}"
}

@ELECTRONIC{thousandEyes,
  month = {Februar},
  year = {2018},
  title = {{Cloud Performance Benchmark}},
  howpublished = "\url{https://blog.thousandeyes.com/top-takeaways-cloud-performance-benchmark/}"
}

@ELECTRONIC{cloudSpectator,
  month = {December},
  year = {2015},
  title = {{Cloud Spectator}},
  howpublished = "\url{https://cloudspectator.com/wp-content/uploads/2019/10/2018_Top10_NA_v1.3.pdf}"
}

@ELECTRONIC{TBR,
  month = {September},
  year = {2009},
  title = {{Technology Business Research, Inc.}},
  howpublished = "\url{https://tbri.com/tbr-difference/}"
}
