%referenciranje spletnih strani
@ELECTRONIC{SPEC,
  month = {Marec},
  year = {2018},
  title = {SPEC Cloud R IaaS 2018},
  howpublished = {https://www.spec.org/cloud_iaas2018/results/res2019q4/cloudiaas2018-20191113-00005.html}


%referenciranje spletnih strani
@ELECTRONIC{1_dOcean,
  month = {Marec},
  year = {2017},
  title = {DigitalOcean: Simple Cloud Computing for Developers},
  howpublished = {https://www.digitalocean.com/}
}


%referenciranje spletnih strani
@ELECTRONIC{stran,
  month = {Februar},
  year = {2018},
  title = {Cloud Performance Benchmark},
  howpublished = {https://blog.thousandeyes.com/top-takeaways-cloud-performance-benchmark/}


%referenciranje spletnih strani
@ELECTRONIC{stra2n,
  month = {December},
  year = {2015},
  title = {Cloud Spectator},
  howpublished = {https://cloudspectator.com/wp-content/uploads/2019/10/2018_Top10_NA_v1.3.pdf}


%referenciranje spletnih strani
@ELECTRONIC{stra3n,
  month = {September},
  year = {2009},
  title = {Technology Business Research, Inc.},
  howpublished = {https://tbri.com/tbr-difference/}
